%% This BibTeX bibliography file was created using BibDesk.
%% http://bibdesk.sourceforge.net/

%% Created for Alexander Maringele at 2016-01-15 15:00:13 +0100 


%% Saved with string encoding Unicode (UTF-8) 


@string{aaecc = {Applicable Algebra in Engineering, Communication and Computing}}

@string{entcs = {Electronic Notes in Theoretical Computer Science}}

@string{fi = {Fundamenta Informaticae}}

@string{ic = {Information and Computation}}

@string{ipl = {Information Processing Letters}}

@string{jar = {Journal of Automated Reasoning}}

@string{jsc = {Journal of Symbolic Computation}}

@string{lnai = {LNAI}}

@string{lncs = {LNCS}}

@string{tcs = {Theoretical Computer Science}}


@incollection{NHRV2001ote,
	Author = {Nieuwenhuis, Robert and Hillenbrand, Thomas and Riazanov, Alexandre and Voronkov, Andrei},
	Booktitle = {Automated Reasoning},
	Date-Added = {2016-01-15 13:57:20 +0000},
	Date-Modified = {2016-01-15 14:00:11 +0000},
	Doi = {10.1007/3-540-45744-5_19},
	Editor = {Gor{\'e}, Rajeev and Leitsch, Alexander and Nipkow, Tobias},
	Isbn = {978-3-540-42254-9},
	Pages = {257-271},
	Publisher = {Springer Berlin Heidelberg},
	Series = {Lecture Notes in Computer Science},
	Title = {On the Evaluation of Indexing Techniques for Theorem Proving},
	Url = {http://dx.doi.org/10.1007/3-540-45744-5_19},
	Volume = {2083},
	Year = {2001},
	Bdsk-Url-1 = {http://dx.doi.org/10.1007/3-540-45744-5_19}}

@incollection{RV2003eir,
	Author = {Riazanov, Alexandre and Voronkov, Andrei},
	Booktitle = {Automated Deduction -- CADE-19},
	Date-Added = {2015-12-03 14:18:31 +0000},
	Date-Modified = {2016-01-14 16:31:10 +0000},
	Doi = {10.1007/978-3-540-45085-6_34},
	Editor = {Baader, Franz},
	Isbn = {978-3-540-40559-7},
	Pages = {380-396},
	Publisher = {Springer Berlin Heidelberg},
	Series = {Lecture Notes in Computer Science},
	Title = {Efficient Instance Retrieval with Standard and Relational Path Indexing},
	Url = {http://dx.doi.org/10.1007/978-3-540-45085-6_34},
	Volume = {2741},
	Year = {2003},
	Bdsk-Url-1 = {http://dx.doi.org/10.1007/978-3-540-45085-6_34}}

@incollection{SRV2001ti,
	Acmid = {778535},
	Address = {Amsterdam, The Netherlands},
	Author = {Sekar, R. and Ramakrishnan, I. V. and Voronkov, Andrei},
	Booktitle = {Handbook of Automated Reasoning},
	Chapter = {Term Indexing},
	Date-Added = {2015-12-03 14:14:01 +0000},
	Date-Modified = {2016-01-14 16:26:54 +0000},
	Editor = {Robinson, Alan and Voronkov, Andrei},
	Isbn = {0-444-50812-0},
	Numpages = {112},
	Pages = {1853--1964},
	Publisher = {Elsevier Science Publishers B. V.},
	Title = {Term Indexing},
	Url = {http://dl.acm.org/citation.cfm?id=778522.778535},
	Year = {2001},
	Bdsk-Url-1 = {http://dl.acm.org/citation.cfm?id=778522.778535}}
