@incollection{tagkey2001i,
title = "Front matter ",
editor = "Robinson, Alan  and Voronkov, Andrei ",
booktitle = "Handbook of Automated Reasoning ",
publisher = "North-Holland",
edition = "",
address = "Amsterdam",
year = "2001",
pages = "i - iii",
series = "Handbook of Automated Reasoning",
isbn = "978-0-444-50813-3",
doi = "http://dx.doi.org/10.1016/B978-0-444-50813-3.50032-1",
url = "http://www.sciencedirect.com/science/article/pii/B9780444508133500321",
key = "tagkey2001i"
}
@incollection{tagkey2001iv,
title = "Copyright ",
editor = "Robinson, Alan  and Voronkov, Andrei ",
booktitle = "Handbook of Automated Reasoning ",
publisher = "North-Holland",
edition = "",
address = "Amsterdam",
year = "2001",
pages = "iv - ",
series = "Handbook of Automated Reasoning",
isbn = "978-0-444-50813-3",
doi = "http://dx.doi.org/10.1016/B978-0-444-50813-3.50033-3",
url = "http://www.sciencedirect.com/science/article/pii/B9780444508133500333",
key = "tagkey2001iv"
}
@incollection{tagkey2001v,
title = "Preface ",
editor = "Robinson, Alan  and Voronkov, Andrei ",
booktitle = "Handbook of Automated Reasoning ",
publisher = "North-Holland",
edition = "",
address = "Amsterdam",
year = "2001",
pages = "v - vii",
series = "Handbook of Automated Reasoning",
isbn = "978-0-444-50813-3",
doi = "http://dx.doi.org/10.1016/B978-044450813-3/50000-X",
url = "http://www.sciencedirect.com/science/article/pii/B978044450813350000X",
key = "tagkey2001v"
}
@incollection{tagkey2001xix,
title = "List of contributors ",
editor = "Robinson, Alan  and Voronkov, Andrei ",
booktitle = "Handbook of Automated Reasoning ",
publisher = "North-Holland",
edition = "",
address = "Amsterdam",
year = "2001",
pages = "xix - xxi",
series = "Handbook of Automated Reasoning",
isbn = "978-0-444-50813-3",
doi = "http://dx.doi.org/10.1016/B978-044450813-3/50001-1",
url = "http://www.sciencedirect.com/science/article/pii/B9780444508133500011",
key = "tagkey2001xix"
}
@incollection{tagkey2001xxiii,
title = "List of second readers ",
editor = "Robinson, Alan  and Voronkov, Andrei ",
booktitle = "Handbook of Automated Reasoning ",
publisher = "North-Holland",
edition = "",
address = "Amsterdam",
year = "2001",
pages = "xxiii - xxv",
series = "Handbook of Automated Reasoning",
isbn = "978-0-444-50813-3",
doi = "http://dx.doi.org/10.1016/B978-044450813-3/50002-3",
url = "http://www.sciencedirect.com/science/article/pii/B9780444508133500023",
key = "tagkey2001xxiii"
}
@incollection{Davis20013,
title = "Chapter 1 - The Early History of Automated Deduction: Dedicated to the memory of Hao Wang ",
editor = "Robinson, Alan  and Voronkov, Andrei ",
booktitle = "Handbook of Automated Reasoning ",
publisher = "North-Holland",
edition = "",
address = "Amsterdam",
year = "2001",
pages = "3 - 15",
series = "Handbook of Automated Reasoning",
isbn = "978-0-444-50813-3",
doi = "http://dx.doi.org/10.1016/B978-044450813-3/50003-5",
url = "http://www.sciencedirect.com/science/article/pii/B9780444508133500035",
author = "Martin Davis"
}
@incollection{Bachmair200119,
title = "Chapter 2 - Resolution Theorem Proving ",
editor = "Robinson, Alan  and Voronkov, Andrei ",
booktitle = "Handbook of Automated Reasoning ",
publisher = "North-Holland",
edition = "",
address = "Amsterdam",
year = "2001",
pages = "19 - 99",
series = "Handbook of Automated Reasoning",
isbn = "978-0-444-50813-3",
doi = "http://dx.doi.org/10.1016/B978-044450813-3/50004-7",
url = "http://www.sciencedirect.com/science/article/pii/B9780444508133500047",
author = "Leo Bachmair and Harald Ganzinger and David McAllester and Christopher Lynch"
}
@incollection{Hähnle2001101,
title = "Chapter 3 - Tableaux and Related Methods ",
editor = "Robinson, Alan  and Voronkov, Andrei ",
booktitle = "Handbook of Automated Reasoning ",
publisher = "North-Holland",
edition = "",
address = "Amsterdam",
year = "2001",
pages = "101 - 178",
series = "Handbook of Automated Reasoning",
isbn = "978-0-444-50813-3",
doi = "http://dx.doi.org/10.1016/B978-044450813-3/50005-9",
url = "http://www.sciencedirect.com/science/article/pii/B9780444508133500059",
author = "Reiner Hähnle"
}
@incollection{Degtyarev2001179,
title = "Chapter 4 - The Inverse Method ",
editor = "Robinson, Alan  and Voronkov, Andrei ",
booktitle = "Handbook of Automated Reasoning ",
publisher = "North-Holland",
edition = "",
address = "Amsterdam",
year = "2001",
pages = "179 - 272",
series = "Handbook of Automated Reasoning",
isbn = "978-0-444-50813-3",
doi = "http://dx.doi.org/10.1016/B978-044450813-3/50006-0",
url = "http://www.sciencedirect.com/science/article/pii/B9780444508133500060",
author = "Anatoli Degtyarev and Andrei Voronkov"
}
@incollection{Baaz2001273,
title = "Chapter 5 - Normal Form Transformations ",
editor = "Robinson, Alan  and Voronkov, Andrei ",
booktitle = "Handbook of Automated Reasoning ",
publisher = "North-Holland",
edition = "",
address = "Amsterdam",
year = "2001",
pages = "273 - 333",
series = "Handbook of Automated Reasoning",
isbn = "978-0-444-50813-3",
doi = "http://dx.doi.org/10.1016/B978-044450813-3/50007-2",
url = "http://www.sciencedirect.com/science/article/pii/B9780444508133500072",
author = "Matthias Baaz and Uwe Egly and Alexander Leitsch and Jean Goubault-Larrecq and David Plaisted"
}
@incollection{Nonnengart2001335,
title = "Chapter 6 - Computing Small Clause Normal Forms ",
editor = "Robinson, Alan  and Voronkov, Andrei ",
booktitle = "Handbook of Automated Reasoning ",
publisher = "North-Holland",
edition = "",
address = "Amsterdam",
year = "2001",
pages = "335 - 367",
series = "Handbook of Automated Reasoning",
isbn = "978-0-444-50813-3",
doi = "http://dx.doi.org/10.1016/B978-044450813-3/50008-4",
url = "http://www.sciencedirect.com/science/article/pii/B9780444508133500084",
author = "Andreas Nonnengart and Christoph Weidenbach"
}
@incollection{Nieuwenhuis2001371,
title = "Chapter 7 - Paramodulation-Based Theorem Proving ",
editor = "Robinson, Alan  and Voronkov, Andrei ",
booktitle = "Handbook of Automated Reasoning ",
publisher = "North-Holland",
edition = "",
address = "Amsterdam",
year = "2001",
pages = "371 - 443",
series = "Handbook of Automated Reasoning",
isbn = "978-0-444-50813-3",
doi = "http://dx.doi.org/10.1016/B978-044450813-3/50009-6",
url = "http://www.sciencedirect.com/science/article/pii/B9780444508133500096",
author = "Robert Nieuwenhuis and Albert Rubio"
}
@incollection{Baader2001445,
title = "Chapter 8 - Unification Theory ",
editor = "Robinson, Alan  and Voronkov, Andrei ",
booktitle = "Handbook of Automated Reasoning ",
publisher = "North-Holland",
edition = "",
address = "Amsterdam",
year = "2001",
pages = "445 - 533",
series = "Handbook of Automated Reasoning",
isbn = "978-0-444-50813-3",
doi = "http://dx.doi.org/10.1016/B978-044450813-3/50010-2",
url = "http://www.sciencedirect.com/science/article/pii/B9780444508133500102",
author = "Franz Baader and Wayne Snyder and Paliath Narendran and Manfred Schmidt-Schauss and Klaus Schulz"
}
@incollection{Dershowitz2001535,
title = "Chapter 9 - Rewriting ",
editor = "Robinson, Alan  and Voronkov, Andrei ",
booktitle = "Handbook of Automated Reasoning ",
publisher = "North-Holland",
edition = "",
address = "Amsterdam",
year = "2001",
pages = "535 - 610",
series = "Handbook of Automated Reasoning",
isbn = "978-0-444-50813-3",
doi = "http://dx.doi.org/10.1016/B978-044450813-3/50011-4",
url = "http://www.sciencedirect.com/science/article/pii/B9780444508133500114",
author = "Nachum Dershowitz and David A. Plaisted"
}
@incollection{Degtyarev2001611,
title = "Chapter 10 - Equality Reasoning in Sequent-Based Calculi ",
editor = "Robinson, Alan  and Voronkov, Andrei ",
booktitle = "Handbook of Automated Reasoning ",
publisher = "North-Holland",
edition = "",
address = "Amsterdam",
year = "2001",
pages = "611 - 706",
series = "Handbook of Automated Reasoning",
isbn = "978-0-444-50813-3",
doi = "http://dx.doi.org/10.1016/B978-044450813-3/50012-6",
url = "http://www.sciencedirect.com/science/article/pii/B9780444508133500126",
author = "Anatoli Degtyarev and Andrei Voronkov"
}
@incollection{Chou2001707,
title = "Chapter 11 - Automated Reasoning in Geometry ",
editor = "Robinson, Alan  and Voronkov, Andrei ",
booktitle = "Handbook of Automated Reasoning ",
publisher = "North-Holland",
edition = "",
address = "Amsterdam",
year = "2001",
pages = "707 - 749",
series = "Handbook of Automated Reasoning",
isbn = "978-0-444-50813-3",
doi = "http://dx.doi.org/10.1016/B978-044450813-3/50013-8",
url = "http://www.sciencedirect.com/science/article/pii/B9780444508133500138",
author = "Shang-Ching Chou and Xiao-Shan Gao"
}
@incollection{Bockmayr2001751,
title = "Chapter 12 - Solving Numerical Constraints ",
editor = "Robinson, Alan  and Voronkov, Andrei ",
booktitle = "Handbook of Automated Reasoning ",
publisher = "North-Holland",
edition = "",
address = "Amsterdam",
year = "2001",
pages = "751 - 842",
series = "Handbook of Automated Reasoning",
isbn = "978-0-444-50813-3",
doi = "http://dx.doi.org/10.1016/B978-044450813-3/50014-X",
url = "http://www.sciencedirect.com/science/article/pii/B978044450813350014X",
author = "Alexander Bockmayr and Volker Weispfenning and Michael Maher"
}
@incollection{Bundy2001845,
title = "Chapter 13 - The Automation of Proof by Mathematical Induction ",
editor = "Robinson, Alan  and Voronkov, Andrei ",
booktitle = "Handbook of Automated Reasoning ",
publisher = "North-Holland",
edition = "",
address = "Amsterdam",
year = "2001",
pages = "845 - 911",
series = "Handbook of Automated Reasoning",
isbn = "978-0-444-50813-3",
doi = "http://dx.doi.org/10.1016/B978-044450813-3/50015-1",
url = "http://www.sciencedirect.com/science/article/pii/B9780444508133500151",
author = "Alan Bundy"
}
@incollection{Comon2001913,
title = "Chapter 14 - Inductionless Induction ",
editor = "Robinson, Alan  and Voronkov, Andrei ",
booktitle = "Handbook of Automated Reasoning ",
publisher = "North-Holland",
edition = "",
address = "Amsterdam",
year = "2001",
pages = "913 - 962",
series = "Handbook of Automated Reasoning",
isbn = "978-0-444-50813-3",
doi = "http://dx.doi.org/10.1016/B978-044450813-3/50016-3",
url = "http://www.sciencedirect.com/science/article/pii/B9780444508133500163",
author = "Hubert Comon"
}
@incollection{Andrews2001965,
title = "Chapter 15 - Classical Type Theory ",
editor = "Robinson, Alan  and Voronkov, Andrei ",
booktitle = "Handbook of Automated Reasoning ",
publisher = "North-Holland",
edition = "",
address = "Amsterdam",
year = "2001",
pages = "965 - 1007",
series = "Handbook of Automated Reasoning",
isbn = "978-0-444-50813-3",
doi = "http://dx.doi.org/10.1016/B978-044450813-3/50017-5",
url = "http://www.sciencedirect.com/science/article/pii/B9780444508133500175",
author = "Peter B. Andrews"
}
@incollection{Dowek20011009,
title = "Chapter 16 - Higher-Order Unification and Matching ",
editor = "Robinson, Alan  and Voronkov, Andrei ",
booktitle = "Handbook of Automated Reasoning ",
publisher = "North-Holland",
edition = "",
address = "Amsterdam",
year = "2001",
pages = "1009 - 1062",
series = "Handbook of Automated Reasoning",
isbn = "978-0-444-50813-3",
doi = "http://dx.doi.org/10.1016/B978-044450813-3/50018-7",
url = "http://www.sciencedirect.com/science/article/pii/B9780444508133500187",
author = "Gilles Dowek"
}
@incollection{Pfenning20011063,
title = "Chapter 17 - Logical Frameworks ",
editor = "Robinson, Alan  and Voronkov, Andrei ",
booktitle = "Handbook of Automated Reasoning ",
publisher = "North-Holland",
edition = "",
address = "Amsterdam",
year = "2001",
pages = "1063 - 1147",
series = "Handbook of Automated Reasoning",
isbn = "978-0-444-50813-3",
doi = "http://dx.doi.org/10.1016/B978-044450813-3/50019-9",
url = "http://www.sciencedirect.com/science/article/pii/B9780444508133500199",
author = "Frank Pfenning"
}
@incollection{Barendregt20011149,
title = "Chapter 18 - Proof-Assistants Using Dependent Type Systems ",
editor = "Robinson, Alan  and Voronkov, Andrei ",
booktitle = "Handbook of Automated Reasoning ",
publisher = "North-Holland",
edition = "",
address = "Amsterdam",
year = "2001",
pages = "1149 - 1238",
series = "Handbook of Automated Reasoning",
isbn = "978-0-444-50813-3",
doi = "http://dx.doi.org/10.1016/B978-044450813-3/50020-5",
url = "http://www.sciencedirect.com/science/article/pii/B9780444508133500205",
author = "Henk Barendregt and Herman Geuvers"
}
@incollection{Dix20011241,
title = "Chapter 19 - Nonmonotonic Reasoning: Towards Efficient Calculi and Implementations ",
editor = "Robinson, Alan  and Voronkov, Andrei ",
booktitle = "Handbook of Automated Reasoning ",
publisher = "North-Holland",
edition = "",
address = "Amsterdam",
year = "2001",
pages = "1241 - 1354",
series = "Handbook of Automated Reasoning",
isbn = "978-0-444-50813-3",
doi = "http://dx.doi.org/10.1016/B978-044450813-3/50021-7",
url = "http://www.sciencedirect.com/science/article/pii/B9780444508133500217",
author = "Jürgen Dix and Ulrich Furbach and Ilkka Niemelä and Gerd Brewka and Mirek Truszczyński"
}
@incollection{Baaz20011355,
title = "Chapter 20 - Automated Deduction for Many-Valued Logics ",
editor = "Robinson, Alan  and Voronkov, Andrei ",
booktitle = "Handbook of Automated Reasoning ",
publisher = "North-Holland",
edition = "",
address = "Amsterdam",
year = "2001",
pages = "1355 - 1402",
series = "Handbook of Automated Reasoning",
isbn = "978-0-444-50813-3",
doi = "http://dx.doi.org/10.1016/B978-044450813-3/50022-9",
url = "http://www.sciencedirect.com/science/article/pii/B9780444508133500229",
author = "Matthias Baaz and Christian G. Fermüller and Gernot Salzer"
}
@incollection{Ohlbach20011403,
title = "Chapter 21 - Encoding Two-Valued Nonclassical Logics in Classical Logic ",
editor = "Robinson, Alan  and Voronkov, Andrei ",
booktitle = "Handbook of Automated Reasoning ",
publisher = "North-Holland",
edition = "",
address = "Amsterdam",
year = "2001",
pages = "1403 - 1486",
series = "Handbook of Automated Reasoning",
isbn = "978-0-444-50813-3",
doi = "http://dx.doi.org/10.1016/B978-044450813-3/50023-0",
url = "http://www.sciencedirect.com/science/article/pii/B9780444508133500230",
author = "Hans Jürgen Ohlbach and Andreas Nonnengart and Maarten de Rijke and Dov M. Gabbay"
}
@incollection{Waaler20011487,
title = "Chapter 22 - Connections in Nonclassical Logics ",
editor = "Robinson, Alan  and Voronkov, Andrei ",
booktitle = "Handbook of Automated Reasoning ",
publisher = "North-Holland",
edition = "",
address = "Amsterdam",
year = "2001",
pages = "1487 - 1578",
series = "Handbook of Automated Reasoning",
isbn = "978-0-444-50813-3",
doi = "http://dx.doi.org/10.1016/B978-044450813-3/50024-2",
url = "http://www.sciencedirect.com/science/article/pii/B9780444508133500242",
author = "Arild Waaler"
}
@incollection{Calvanese20011581,
title = "Chapter 23 - Reasoning in Expressive Description Logics ",
editor = "Robinson, Alan  and Voronkov, Andrei ",
booktitle = "Handbook of Automated Reasoning ",
publisher = "North-Holland",
edition = "",
address = "Amsterdam",
year = "2001",
pages = "1581 - 1634",
series = "Handbook of Automated Reasoning",
isbn = "978-0-444-50813-3",
doi = "http://dx.doi.org/10.1016/B978-044450813-3/50025-4",
url = "http://www.sciencedirect.com/science/article/pii/B9780444508133500254",
author = "Diego Calvanese and Giuseppe De Giacomo and Daniele Nardi and Maurizio Lenzerini"
}
@incollection{Clarke20011635,
title = "Chapter 24 - Model Checking ",
editor = "Robinson, Alan  and Voronkov, Andrei ",
booktitle = "Handbook of Automated Reasoning ",
publisher = "North-Holland",
edition = "",
address = "Amsterdam",
year = "2001",
pages = "1635 - 1790",
series = "Handbook of Automated Reasoning",
isbn = "978-0-444-50813-3",
doi = "http://dx.doi.org/10.1016/B978-044450813-3/50026-6",
url = "http://www.sciencedirect.com/science/article/pii/B9780444508133500266",
author = "Edmund M. Clarke and Bernd-Holger Schlingloff"
}
@incollection{Fermüller20011791,
title = "Chapter 25 - Resolution Decision Procedures ",
editor = "Robinson, Alan  and Voronkov, Andrei ",
booktitle = "Handbook of Automated Reasoning ",
publisher = "North-Holland",
edition = "",
address = "Amsterdam",
year = "2001",
pages = "1791 - 1849",
series = "Handbook of Automated Reasoning",
isbn = "978-0-444-50813-3",
doi = "http://dx.doi.org/10.1016/B978-044450813-3/50027-8",
url = "http://www.sciencedirect.com/science/article/pii/B9780444508133500278",
author = "Christian G. Fermüller and Alexander Leitsch and Ullrich Hustadt and Tanel Tammet"
}
@incollection{Sekar20011853,
title = "Chapter 26 - Term Indexing ",
editor = "Robinson, Alan  and Voronkov, Andrei ",
booktitle = "Handbook of Automated Reasoning ",
publisher = "North-Holland",
edition = "",
address = "Amsterdam",
year = "2001",
pages = "1853 - 1964",
series = "Handbook of Automated Reasoning",
isbn = "978-0-444-50813-3",
doi = "http://dx.doi.org/10.1016/B978-044450813-3/50028-X",
url = "http://www.sciencedirect.com/science/article/pii/B978044450813350028X",
author = "R. Sekar and I.V. Ramakrishnan and Andrei Voronkov"
}
@incollection{Weidenbach20011965,
title = "Chapter 27 - Combining Superposition, Sorts and Splitting ",
editor = "Robinson, Alan  and Voronkov, Andrei ",
booktitle = "Handbook of Automated Reasoning ",
publisher = "North-Holland",
edition = "",
address = "Amsterdam",
year = "2001",
pages = "1965 - 2013",
series = "Handbook of Automated Reasoning",
isbn = "978-0-444-50813-3",
doi = "http://dx.doi.org/10.1016/B978-044450813-3/50029-1",
url = "http://www.sciencedirect.com/science/article/pii/B9780444508133500291",
author = "Christoph Weidenbach"
}
@incollection{Letz20012015,
title = "Chapter 28 - Model Elimination and Connection Tableau Procedures ",
editor = "Robinson, Alan  and Voronkov, Andrei ",
booktitle = "Handbook of Automated Reasoning ",
publisher = "North-Holland",
edition = "",
address = "Amsterdam",
year = "2001",
pages = "2015 - 2114",
series = "Handbook of Automated Reasoning",
isbn = "978-0-444-50813-3",
doi = "http://dx.doi.org/10.1016/B978-044450813-3/50030-8",
url = "http://www.sciencedirect.com/science/article/pii/B9780444508133500308",
author = "Reinhold Letz and Gernot Stenz"
}
@incollection{tagkey20012115,
title = "Concept index ",
editor = "Robinson, Alan  and Voronkov, Andrei ",
booktitle = "Handbook of Automated Reasoning ",
publisher = "North-Holland",
edition = "",
address = "Amsterdam",
year = "2001",
pages = "2115 - 2122",
series = "Handbook of Automated Reasoning",
isbn = "978-0-444-50813-3",
doi = "http://dx.doi.org/10.1016/B978-044450813-3/50031-X",
url = "http://www.sciencedirect.com/science/article/pii/B978044450813350031X",
key = "tagkey20012115"
}

